<record><leader>00000cas a22000007a 4500</leader><controlfield tag="001">17756360</controlfield><controlfield tag="008">880408d190u19uuvaucr ne      0    0eng d</controlfield><datafield ind1=" " ind2=" " tag="010"><subfield code="a">sn 88071078 </subfield></datafield><datafield ind1=" " ind2=" " tag="040"><subfield code="a">NJW</subfield><subfield code="b">eng</subfield><subfield code="c">NJW</subfield><subfield code="d">NVK</subfield><subfield code="d">OCLCQ</subfield><subfield code="d">OCLCF</subfield><subfield code="d">OCLCO</subfield></datafield><datafield ind1="1" ind2=" " tag="029"><subfield code="a">AU@</subfield><subfield code="b">000020501536</subfield></datafield><datafield ind1=" " ind2=" " tag="042"><subfield code="a">msc</subfield></datafield><datafield ind1=" " ind2=" " tag="043"><subfield code="a">n-us-va</subfield></datafield><datafield ind1="0" ind2=" " tag="130"><subfield code="a">Semi-weekly chronicle (Charlottesville, Va. : 1904)</subfield></datafield><datafield ind1="1" ind2="4" tag="245"><subfield code="a">The semi-weekly chronicle.</subfield></datafield><datafield ind1=" " ind2=" " tag="260"><subfield code="a">Charlottesville, Va. :</subfield><subfield code="b">C.G. Maphis</subfield></datafield><datafield ind1=" " ind2=" " tag="310"><subfield code="a">Semiweekly</subfield></datafield><datafield ind1=" " ind2=" " tag="530"><subfield code="a">Available on microfilm from the University of Virginia.</subfield></datafield><datafield ind1=" " ind2=" " tag="588"><subfield code="a">Description based on: Vol. 23, no. 65 (Feb. 23, 1904).</subfield></datafield><datafield ind1=" " ind2="0" tag="651"><subfield code="a">Charlottesville (Va.)</subfield><subfield code="v">Newspapers.</subfield></datafield><datafield ind1=" " ind2="7" tag="655"><subfield code="a">Newspapers.</subfield><subfield code="2">fast</subfield><subfield code="0">(OCoLC)fst01423814</subfield></datafield><datafield ind1=" " ind2="7" tag="651"><subfield code="a">Virginia</subfield><subfield code="z">Charlottesville.</subfield><subfield code="2">fast</subfield><subfield code="0">(OCoLC)fst01204493</subfield></datafield><datafield ind1=" " ind2=" " tag="752"><subfield code="a">United States</subfield><subfield code="b">Virginia</subfield><subfield code="d">Charlottesville.</subfield></datafield><datafield ind1="0" ind2=" " tag="775"><subfield code="t">Daily Progress (Charlottesville, Va.)</subfield><subfield code="w">(DLC)sn 83008142</subfield></datafield><datafield ind1="0" ind2="0" tag="780"><subfield code="t">Weekly chronicle (Charlottesville, Va. : 1897)</subfield><subfield code="w">(DLC)sn 88071070</subfield></datafield><datafield ind1="0" ind2="0" tag="785"><subfield code="t">Weekly chronicle (Charlottesville, Va : 1907)</subfield><subfield code="w">(DLC)sn 95079533</subfield></datafield></record>